%% This BibTeX bibliography file was created using BibDesk.
%% http://bibdesk.sourceforge.net/


%% Created for Prakash Prasad at 2010-12-14 01:24:00 +0100 


%% Saved with string encoding Unicode (UTF-8) 



@inbook{gaTroll,
	Author = {F. D. Laram{\'e}e},
	Chapter = {Genetic Algorithms: Evolving the Perfect Troll},
	Date-Added = {2010-12-14 01:20:44 +0100},
	Date-Modified = {2010-12-14 01:23:31 +0100},
	Pages = {629-639},
	Publisher = {Charles River Media},
	Title = {AI game programming wisdom},
	Year = {2002}}

@incollection{gpuGems2_fuzzy,
	Author = {Zarozinski, Michael},
	Book-Author = {DeLoura, Mark A.},
	Booktitle = {Game programming gems 2},
	Title = {Imploding Combinatorial Explosion in a Fuzzy System},
	Year = {2001}}

@misc{readingsQLearning,
	Author = {John Manslow},
	Date-Added = {2010-10-15 00:01:05 +0200},
	Date-Modified = {2010-10-15 00:02:42 +0200},
	Title = {Using Reinforcement Learning to Solve AI Control Problems}}

@misc{nnIntro,
	Author = {Ross, Peter},
	Date-Added = {2010-10-14 12:56:31 +0200},
	Date-Modified = {2010-10-14 12:58:31 +0200},
	Howpublished = {Course Notes, AI Applications Institute University of Edinburgh},
	Month = {September},
	Title = {Neural networks: an introduction},
	Year = {1999}}

@book{statistics,
	Author = {Keller, Gerald and Warrack, Brian},
	Date-Added = {2010-10-12 14:06:15 +0200},
	Date-Modified = {2010-10-12 14:07:48 +0200},
	Publisher = {South-Western College Pub},
	Title = {Statistics for Management and Economics},
	Year = {2002}}

@incollection{champandard02,
	Author = {Champandard, A. J.},
	Booktitle = {AI Game Programming Wisdom},
	Date-Added = {2010-10-12 03:22:37 +0200},
	Date-Modified = {2010-10-12 03:23:36 +0200},
	Publisher = {Charles River Media},
	Title = {The Dark Art of Neural Networks},
	Year = {2002}}

@article{Stanley05real-timeneuroevolution,
	Author = {Kenneth O. Stanley and Bobby D. Bryant and Risto Miikkulainen},
	Date-Modified = {2010-12-14 01:11:56 +0100},
	Journal = {IEEE Transactions on Evolutionary Computation},
	Pages = {653-668},
	Title = {Real-time neuroevolution in the nero video game},
	Volume = {9},
	Year = {2005}}

@article{aSurvey,
	Author = {L.P. Kaelbling and M.L. Littman and Andrew Moore},
	Journal = {Journal of Artificial Intelligence Research},
	Pages = {237-285},
	Title = {Reinforcement Learning: A Survey},
	Volume = {4},
	Year = {1996}}

@article{tdgammon,
  	author = {G. Tesauro},
  	interhash = {7c12a6018860af8b5fde3238d75844c5},
  	intrahash = {14a4806622cac2fd49c92af68bf8a8f4},
  	journal = {Communications of the ACM},
  	number = 3,
  	pages = {58-68},
  	title = {Temporal difference learning and {TD-Gammon}},
  	volume = 38,
  	year = 1995,
  	keywords = {game-playing machine-learning reinforcement-learning},
  	added-at = {2009-03-25T13:35:59.000+0100},
  	biburl = {http://www.bibsonomy.org/bibtex/214a4806622cac2fd49c92af68bf8a8f4/gromgull}}
